<?xml version="1.0" encoding="utf-8"?>
<record xmlns="http://www.loc.gov/MARC21/slim" xmlns:xsi="http://www.w3.org/2001/XMLSchema-instance" xsi:schemaLocation="http://www.loc.gov/MARC21/slim http://www.loc.gov/standards/marcxml/schema/MARC21slim.xsd">
	<leader>     nam a22     Mi 4500</leader>
	<controlfield tag="001">3063593</controlfield>
	<controlfield tag="003">NNC</controlfield>
	<controlfield tag="006">m        d        </controlfield>
	<controlfield tag="007">cr cn |||m|||a</controlfield>
	<controlfield tag="008">190404s1903    ua      o     000 0 arard</controlfield>
	<datafield ind1=" " ind2=" " tag="040">
		<subfield code="a">ZYU</subfield>
		<subfield code="b">ara</subfield>
		<subfield code="e">rda</subfield>
		<subfield code="c">ZYU</subfield>
	</datafield>
	<datafield ind1=" " ind2="4" tag="050">
		<subfield code="a">BP166</subfield>
		<subfield code="b">.S528</subfield>
	</datafield>
	<datafield ind1="1" ind2=" " tag="100">
		<subfield code="6">880-01</subfield>
		<subfield code="a">Shaʻrānī, ʻAbd al-Wahhāb ibn Aḥmad,</subfield>
		<subfield code="d">approximately 1493-1565 or 1566.</subfield>
	</datafield>
	<datafield ind1="1" ind2="0" tag="240">
		<subfield code="6">880-02</subfield>
		<subfield code="a">Yawāqīt wa-al-jawāhir fī bayān ʻaqāʼid al-akābir</subfield>
	</datafield>
	<datafield ind1="1" ind2="0" tag="245">
		<subfield code="6">880-03</subfield>
		<subfield code="a">Kitāb al-yawāqīt wa-al-jawāhir fī bayān ʻaqāʼid al-akābir /</subfield>
		<subfield code="c">li-ʻAbd al-Wahhāb al-Shaʻrānī ; [wa-huwa sharḥ li-mā aghlaq min al-Futūḥāt al-Makkīyah ... li-Ibn al-ʻArabī]. Muḥallá al-hawāmish bi-Kitāb al-kibrīt al-aḥmar fī bayān ʻulūm al-Shaykh al-Akbar / li-Ṣāḥib al-Yawāqīt wa-al-jawrahir al-madhkūr.</subfield>
	</datafield>
	<datafield ind1="3" ind2="0" tag="246">
		<subfield code="6">880-04</subfield>
		<subfield code="a">Yawāqīt wa-al-jawāhir fī bayān ʻaqāʼid al-akābir</subfield>
	</datafield>
	<datafield ind1="3" ind2="0" tag="246">
		<subfield code="6">880-05</subfield>
		<subfield code="a">Kibrīt al-aḥmar fī bayān ʻulūm al-Shaykh al-Akbar</subfield>
	</datafield>
	<datafield ind1=" " ind2=" " tag="250">
		<subfield code="6">880-06</subfield>
		<subfield code="a">al-Ṭabʻah 3.</subfield>
	</datafield>
	<datafield ind1=" " ind2=" " tag="260">
		<subfield code="6">880-07</subfield>
		<subfield code="a">Miṣr :</subfield>
		<subfield code="b">al-Maṭbaʻah al-Azharīyah,</subfield>
		<subfield code="c">1321 [1903]</subfield>
	</datafield>
	<datafield ind1=" " ind2=" " tag="300">
		<subfield code="a">online resource (2 volumes in 1)</subfield>
	</datafield>
	<datafield ind1=" " ind2=" " tag="336">
		<subfield code="a">text</subfield>
		<subfield code="2">rdacontent</subfield>
	</datafield>
	<datafield ind1=" " ind2=" " tag="337">
		<subfield code="a">computer</subfield>
		<subfield code="2">rdamedia</subfield>
	</datafield>
	<datafield ind1=" " ind2=" " tag="338">
		<subfield code="a">online resource</subfield>
		<subfield code="2">rdacarrier</subfield>
	</datafield>
	<datafield ind1=" " ind2=" " tag="500">
		<subfield code="a">Part of the Arabic Collections Online (ACO) project, contributed by Columbia University Libraries.</subfield>
	</datafield>
	<datafield ind1=" " ind2=" " tag="533">
		<subfield code="a">Electronic reproduction.</subfield>
		<subfield code="b">New York, N.Y. :</subfield>
		<subfield code="c">New York University,</subfield>
		<subfield code="d">2019.</subfield>
		<subfield code="5">NNU</subfield>
	</datafield>
	<datafield ind1=" " ind2="0" tag="650">
		<subfield code="a">Sufism</subfield>
		<subfield code="x">Doctrines</subfield>
		<subfield code="v">Early works to 1800.</subfield>
	</datafield>
	<datafield ind1=" " ind2="0" tag="650">
		<subfield code="a">Islam</subfield>
		<subfield code="x">Doctrines</subfield>
		<subfield code="v">Early works to 1800.</subfield>
	</datafield>
	<datafield ind1="0" ind2="0" tag="600">
		<subfield code="6">880-08</subfield>
		<subfield code="a">Ibn al-ʻArabī,</subfield>
		<subfield code="d">1165-1240.</subfield>
	</datafield>
	<datafield ind1="0" ind2="7" tag="600">
		<subfield code="a">Ibn al-ʻArabī,</subfield>
		<subfield code="d">1165-1240.</subfield>
		<subfield code="2">fast</subfield>
		<subfield code="0">(OCoLC)fst00019726</subfield>
	</datafield>
	<datafield ind1=" " ind2="7" tag="650">
		<subfield code="a">Islam</subfield>
		<subfield code="x">Doctrines.</subfield>
		<subfield code="2">fast</subfield>
		<subfield code="0">(OCoLC)fst00979787</subfield>
	</datafield>
	<datafield ind1=" " ind2="7" tag="650">
		<subfield code="a">Sufism</subfield>
		<subfield code="x">Doctrines.</subfield>
		<subfield code="2">fast</subfield>
		<subfield code="0">(OCoLC)fst01137260</subfield>
	</datafield>
	<datafield ind1=" " ind2="7" tag="655">
		<subfield code="a">Early works.</subfield>
		<subfield code="2">fast</subfield>
		<subfield code="0">(OCoLC)fst01411636</subfield>
	</datafield>
	<datafield ind1="1" ind2="2" tag="700">
		<subfield code="6">880-09</subfield>
		<subfield code="a">Shaʻrānī, ʻAbd al-Wahhāb ibn Aḥmad,</subfield>
		<subfield code="d">approximately 1493-1565 or 1566.</subfield>
		<subfield code="t">Kibrīt al-aḥmar fī bayān ʻulūm al-Shaykh al-Akbar.</subfield>
	</datafield>
	<datafield ind1="2" ind2=" " tag="710">
		<subfield code="a">Columbia University.</subfield>
		<subfield code="b">Libraries.</subfield>
	</datafield>
	<datafield ind1="0" ind2=" " tag="730">
		<subfield code="a">Arabic Collections Online.</subfield>
	</datafield>
	<datafield ind1="0" ind2="2" tag="740">
		<subfield code="6">880-10</subfield>
		<subfield code="a">Kitāb al-kibrīt al-aḥmar fī bayān ʻulūm al-Shaykh al-Akbar.</subfield>
	</datafield>
	<datafield ind1="0" ind2="8" tag="776">
		<subfield code="i">Online version:</subfield>
		<subfield code="a">Shaʻrānī, ʻAbd al-Wahhāb ibn Aḥmad, approximately 1493-1565 or 6.</subfield>
		<subfield code="s">Yawāqīt wa-al-jawāhir fī bayān ʻaqāʼid al-akābir.</subfield>
		<subfield code="t">Kitāb al-yawāqīt wa-al-jawāhir fī bayān ʻaqāʼid al-akābir.</subfield>
		<subfield code="b">al-Ṭabʻah 3.</subfield>
		<subfield code="d">Miṣr : al-Maṭbaʻah al-Azharīyah, 1321 [1903]</subfield>
		<subfield code="w">(OCoLC)798510765</subfield>
	</datafield>
	<datafield ind1="0" ind2="8" tag="776">
		<subfield code="i">Print version:</subfield>
		<subfield code="a">Shaʻrānī, ʻAbd al-Wahhāb ibn Aḥmad, approximately 1493-1565 or 1566.</subfield>
		<subfield code="t">Kitāb al-yawāqīt wa-al-jawāhir fī bayān ʻaqāʼid al-akābir</subfield>
		<subfield code="w">(NNC)3063593</subfield>
		<subfield code="w">(OCoLC)43797351</subfield>
	</datafield>
	<datafield ind1="4" ind2="0" tag="856">
		<subfield code="u">http://hdl.handle.net/2333.1/r4xgxn71</subfield>
	</datafield>
	<datafield ind1="1" ind2=" " tag="880">
		<subfield code="6">100-01</subfield>
		<subfield code="a">شعراني، عبد الوهاب بن احمد،</subfield>
		<subfield code="d">approximately 1493-1565 or 1566.</subfield>
	</datafield>
	<datafield ind1="1" ind2="0" tag="880">
		<subfield code="6">240-02</subfield>
		<subfield code="a">يواقيت والجواهر في بيان عقائد الاكابر</subfield>
	</datafield>
	<datafield ind1="1" ind2="0" tag="880">
		<subfield code="6">245-03</subfield>
		<subfield code="a">كتاب اليواقيت والجواهر في بيان عقائد الاكابر /</subfield>
		<subfield code="c">لعبد الوهاب الشعراني ؛ [وهو شرح لما اغلق من الفتوحات المكية ... لابن العربي]. محلى الهوامش بكتاب الكبريت الاحمر في بيان علوم الشيخ الاكبر / لصاحب اليواقيت والجورهر المذكور.</subfield>
	</datafield>
	<datafield ind1="3" ind2="0" tag="880">
		<subfield code="6">246-04</subfield>
		<subfield code="a">يواقيت والجواهر في بيان عقائد الاكابر</subfield>
	</datafield>
	<datafield ind1="3" ind2="0" tag="880">
		<subfield code="6">246-05</subfield>
		<subfield code="a">كبريت الاحمر في بيان علوم الشيخ الاكبر</subfield>
	</datafield>
	<datafield ind1=" " ind2=" " tag="880">
		<subfield code="6">250-06</subfield>
		<subfield code="a">الطبعة 3.</subfield>
	</datafield>
	<datafield ind1=" " ind2=" " tag="880">
		<subfield code="6">260-07</subfield>
		<subfield code="a">مصر :</subfield>
		<subfield code="b">المطبعة الازهرية،</subfield>
		<subfield code="c">1321 [1903]</subfield>
	</datafield>
	<datafield ind1="0" ind2="4" tag="880">
		<subfield code="6">600-08</subfield>
		<subfield code="a">ابن العربي،</subfield>
		<subfield code="d">1165-1240.</subfield>
	</datafield>
	<datafield ind1="1" ind2="2" tag="880">
		<subfield code="6">700-09</subfield>
		<subfield code="a">شعراني، عبد الوهاب بن احمد،</subfield>
		<subfield code="d">approximately 1493-1565 or 1566.</subfield>
		<subfield code="t">كبريت الاحمر في بيان علوم الشيخ الاكبر.</subfield>
	</datafield>
	<datafield ind1="0" ind2="2" tag="880">
		<subfield code="6">740-10</subfield>
		<subfield code="a">كتاب الكبريت الاحمر في بيان علوم الشيخ الاكبر.</subfield>
	</datafield>
	<datafield ind1=" " ind2=" " tag="959">
		<subfield code="a">NNU</subfield>
		<subfield code="b">WEB</subfield>
		<subfield code="c">GENI</subfield>
		<subfield code="t">0</subfield>
		<subfield code="m">Electronic access</subfield>
		<subfield code="s">01</subfield>
	</datafield>
	<datafield ind1=" " ind2=" " tag="999">
		<subfield code="i">NNC_3063593</subfield>
		<subfield code="o">(OCoLC)ocm43797351</subfield>
		<subfield code="s">columbia_aco003610</subfield>
		<subfield code="s">columbia_aco003610</subfield>
	</datafield>
</record>
